%! Author = grh
%! Date = 27.01.21


@article{greenwade95,
    author  = "Me",
    title   = "My title",
    year    = "2093",
    journal = "TUGBoat",
    volume  = "24",
    number  = "3",
    pages   = "342--351"
}
@article{greenwade93,
    author  = "Greenwade, George D.",
    title   = "The {C}omprehensive {T}ex {A}rchive {N}etwork ({CTAN})",
    year    = "1993",
    journal = "TUGBoat",
    volume  = "14",
    number  = "3",
    pages   = "342--351"
}
